@phdthesis{antunes-2015,
  author    = {Antunes, Diego Roberto},
  title     = {Proposta de um modelo computacional para representa{\c{c}}{\~{a}}o
               de sinais em uma arquitetura de servi{\c{c}}os {HCI-SL} para l{\'{i}}nguas
               de sinais},
  school    = {Federal University of Paran{\'{a}}, Curitiba, Brazil},
  year      = {2015},
  url       = {http://dspace.c3sl.ufpr.br:8080/dspace/handle/1884/41015}
}

@mastersthesis{antunes-2011,
  author    = {Antunes, Diego Roberto},
  title     = {Um modelo de descri{\c{c}}{\~{a}}o computacional da fonologia da l\'ingua de sinais brasileira},
  school    = {Federal University of Paran{\'{a}}, Curitiba, Brazil},
  year      = {2011},
  url       = {https://acervodigital.ufpr.br/handle/1884/25642}
}

@book{quadros-2004,
  title     ={L{\'{i}}ngua de sinais brasileira: estudos lingu{\'{i}}sticos},
  author    ={Quadros, Ronice M{\"{u}}ller de and 
                Karnopp, Lodenir Becker},
  publisher ={Artmed},
  address   ={Porto Alegre },
  volume    ={1},
  year      ={2004}
}

@book{pereira-choi-2011,
  title     ={Libras - Conhecimento Al{\'{e}}m Dos Sinais},
  author    ={Pereira, Maria Cristina da Cunha and 
                Choi, Daniel and 
                Vieira, Maria In{\^{e}}s and 
                Gaspar, Priscilla and 
                Nakasato, Ricardo},
  isbn      ={9788576058786},
  publisher ={Pearson},
  year      ={2011},
  edition   ={1},
  address   ={S{\~{a}}o Paulo}
}

@inproceedings{antunes-hcisl-2011,
  author    = {Antunes, Diego Roberto and
               Guimar{\~{a}}es, Cayley and
               Garc{\'{i}}a, Laura S{\'{a}}nchez and
               Oliveira, Luiz S. and
               Fernandes, Sueli},
  title     = {A framework to support development of Sign Language human-computer
               interaction: Building tools for effective information access and inclusion
               of the deaf},
  booktitle = {Proceedings of the Fifth {IEEE} International Conference on Research
               Challenges in Information Science, {RCIS} 2011, Gosier, Guadeloupe,
               France, 19-21 May, 2011},
  pages     = {1--12},
  year      = {2011},
  crossref  = {rcis-2011},
  url       = {https://doi.org/10.1109/RCIS.2011.6006832},
  doi       = {10.1109/RCIS.2011.6006832},
  timestamp = {Mon, 06 Nov 2017 12:14:30 +0100},
  biburl    = {https://dblp.org/rec/bib/conf/rcis/AntunesGGOF11},
  bibsource = {dblp computer science bibliography, https://dblp.org}
}

@proceedings{rcis-2011,
  title     = {Proceedings of the Fifth {IEEE} International Conference on Research
               Challenges in Information Science, {RCIS} 2011, Gosier, Guadeloupe,
               France, 19-21 May, 2011},
  publisher = {{IEEE}},
  year      = {2011},
  url       = {http://ieeexplore.ieee.org/xpl/mostRecentIssue.jsp?punumber=5992815},
  isbn      = {978-1-4244-8670-0},
  timestamp = {Thu, 22 Sep 2011 08:19:06 +0200},
  biburl    = {https://dblp.org/rec/bib/conf/rcis/2011},
  bibsource = {dblp computer science bibliography, https://dblp.org}
}